<?xml version="1.0" encoding="UTF-8"?><collection xmlns="http://www.loc.gov/MARC21/slim"><record><leader>00430nam--2200121-i-4500</leader><controlfield tag="001">000016422</controlfield><controlfield tag="002">20161230</controlfield><controlfield tag="005">20161230201031</controlfield><controlfield tag="008">060222s1000------------r-----000-0-eng-d</controlfield><datafield ind1=" " ind2=" " tag="100"><subfield code="a">Henriot, Marie Francoise</subfield></datafield><datafield ind1=" " ind2=" " tag="245"><subfield code="a">Realisation d une lampe a hydrogene de grande puissance et applications a l etude spectro photometrique de lampes a vapeur de mercure dans l ultraviolet.these</subfield></datafield><datafield ind1=" " ind2=" " tag="260"><subfield code="a">Lyon,Universite,1965. 39 P</subfield></datafield><datafield ind1=" " ind2=" " tag="852"><subfield code="a">78234</subfield></datafield></record></collection>